% Example bibtex file for ISMIR Template

@INPROCEEDINGS{Author:00,
	AUTHOR = {E. Author},
	TITLE = {The Title of the Conference Paper},
	BOOKTITLE = {Proceedings of the International Symposium
		on Music Information Retrieval},
	PAGES = {000--111},
	YEAR = {2000},
	}

@ARTICLE{Someone:10,
	AUTHOR = {A. Someone and B. Someone and C. Someone},
	TITLE = {The Title of the Journal Paper},
	JOURNAL = {Journal of New Music Research},
	VOLUME = {A},
	NUMBER = {B},
	PAGES = {111--222},
	YEAR = {2010},
	}

@BOOK{Someone:04,
	AUTHOR = {X. Someone and Y. Someone},
	TITLE = {The Title of the Book},
	PUBLISHER = {Editorial Acme},
	ADDRESS = {Porto},
	YEAR = {2012},
	}


@inproceedings{lostanlen2016,
    author  = {Lostanlen, V. and Cella, C.E.},
    year    = {2016},
    title   = {Deep convolutional networks on the pitch spiral for musical instrument recognition},
    booktitle = {17th International Society for Music Information Retrieval Conference},
    series  = {ISMIR}
}

@article{hubel1964effects,
  title={Effects of monocular deprivation in kittens},
  author={Hubel, David H and Wiesel, Torsten N},
  journal={Naunyn-Schmiedeberg's Archives of Pharmacology},
  volume={248},
  number={6},
  pages={492--497},
  year={1964},
  publisher={Springer}
}

@article{lecun1998gradient,
  title={Gradient-based learning applied to document recognition},
  author={LeCun, Yann and Bottou, L{\'e}on and Bengio, Yoshua and Haffner, Patrick},
  journal={Proceedings of the IEEE},
  volume={86},
  number={11},
  pages={2278--2324},
  year={1998},
  publisher={IEEE}
}

@article{berenzweig2004large,
  title={A large-scale evaluation of acoustic and subjective music-similarity measures},
  author={Berenzweig, Adam and Logan, Beth and Ellis, Daniel PW and Whitman, Brian},
  journal={Computer Music Journal},
  volume={28},
  number={2},
  pages={63--76},
  year={2004},
  publisher={MIT Press}
}

@article{krizhevsky2009learning,
  title={Learning multiple layers of features from tiny images},
  author={Krizhevsky, Alex and Hinton, Geoffrey},
  year={2009},
  publisher={Citeseer}
}

@misc{librosa041,
  author       = {Brian McFee and
                  Matt McVicar and
                  Colin Raffel and
                  Dawen Liang and
                  Oriol Nieto and
                  Eric Battenberg and
                  Josh Moore and
                  Dan Ellis and
                  Ryuichi YAMAMOTO and
                  Rachel Bittner and
                  Douglas Repetto and
                  Petr Viktorin and
                  Jo√£o Felipe Santos and
                  Adrian Holovaty},
  title        = {librosa: 0.4.1},
  month        = oct,
  year         = 2015,
  doi          = {10.5281/zenodo.32193},
  url          = {http://dx.doi.org/10.5281/zenodo.32193}
}

@misc{lecun1998mnist,
  title={The MNIST database of handwritten digits},
  author={LeCun, Yann and Cortes, Corinna and Burges, Christopher JC},
  year={1998}
}


@inproceedings{sturm2012analysis,
  title={An analysis of the GTZAN music genre dataset},
  author={Sturm, Bob L},
  booktitle={Proceedings of the second international ACM workshop on Music information retrieval with user-centered and multimodal strategies},
  pages={7--12},
  year={2012},
  organization={ACM}
}

@article{tzanetakis2002musical,
  title={Musical genre classification of audio signals},
  author={Tzanetakis, George and Cook, Perry},
  journal={IEEE Transactions on speech and audio processing},
  volume={10},
  number={5},
  pages={293--302},
  year={2002},
  publisher={IEEE}
}
